%% This BibTeX bibliography file was created using BibDesk.
%% http://bibdesk.sourceforge.net/

%% Created for Jacob Milligan at 2017-04-14 14:00:19 +1000 


%% Saved with string encoding Unicode (UTF-8) 



@misc{quake,
	Date-Added = {2017-04-14 03:56:00 +0000},
	Date-Modified = {2017-04-14 04:00:17 +0000},
	Organization = {ID Software},
	Title = {Quake III Arena},
	Url = {https://github.com/id-Software/Quake-III-Arena/blob/master/code/game/q_math.c#L552},
	Year = {1999}}

@article{article,
	Author = {Some guy},
	Date-Added = {2017-04-13 17:22:47 +0000},
	Date-Modified = {2017-04-13 17:23:30 +0000},
	Journal = {Cool journal for cool peeps},
	Month = {December},
	Number = {45},
	Pages = {123 - 321},
	Title = {Article about things},
	Volume = {2},
	Year = {2017}}
